<collection xmlns="http://www.loc.gov/MARC21/slim"><record><leader>00742nam  2200229   450</leader><controlfield tag="001">980</controlfield><controlfield tag="003">http://montalegre.opacnet.com/OPAC/default.aspx?ContentAreaControl=ShowRegHoldings.ascx&amp;RegNo=16662</controlfield><datafield tag="021" ind1=" " ind2=" "><subfield code="a">PT</subfield><subfield code="b">10784/85</subfield></datafield><datafield tag="095" ind1=" " ind2=" "><subfield code="a">PTBN00031268</subfield></datafield><datafield tag="100" ind1=" " ind2=" "><subfield code="a">20061013d1987    k  y0pora010305  ba</subfield></datafield><datafield tag="101" ind1="1" ind2=" "><subfield code="a">por</subfield><subfield code="c">eng</subfield></datafield><datafield tag="102" ind1=" " ind2=" "><subfield code="a">PT</subfield></datafield><datafield tag="200" ind1="1" ind2=" "><subfield code="a">Lolita</subfield><subfield code="f">Vladimir Nabokov</subfield><subfield code="g">trad. Fernanda Pinto Rodrigues</subfield></datafield><datafield tag="210" ind1=" " ind2=" "><subfield code="a">Lisboa</subfield><subfield code="c">Teorema</subfield><subfield code="d">D.L. 1987</subfield></datafield><datafield tag="215" ind1=" " ind2=" "><subfield code="a">270 p.</subfield><subfield code="d">21 cm</subfield></datafield><datafield tag="225" ind1="2" ind2=" "><subfield code="a">Estórias</subfield><subfield code="v">8</subfield></datafield><datafield tag="304" ind1=" " ind2=" "><subfield code="a">Tít. orig. Lolita</subfield></datafield><datafield tag="675" ind1=" " ind2=" "><subfield code="a">821</subfield><subfield code="v">BN</subfield><subfield code="z">por</subfield></datafield><datafield tag="700" ind1=" " ind2="1"><subfield code="a">Nabokov</subfield><subfield code="b">Vladimir Vladimirovich</subfield><subfield code="f">1899-1977</subfield></datafield><datafield tag="702" ind1=" " ind2="1"><subfield code="a">Rodrigues</subfield><subfield code="b">Fernanda Pinto</subfield><subfield code="4">730</subfield></datafield><datafield tag="801" ind1=" " ind2="0"><subfield code="a">PT</subfield><subfield code="b">Biblioteca Municipal de Montalegre</subfield><subfield code="g">RPC</subfield></datafield><datafield tag="856" ind1=" " ind2=" "><subfield code="u">locateMedia.asp?cod=20060705094405&amp;ext=jpg</subfield><subfield code="z">CAPA</subfield></datafield><datafield tag="909" ind1="&#9;" ind2=" "><subfield code="a">1</subfield></datafield><datafield tag="966" ind1=" " ind2=" "><subfield code="a">0008912</subfield><subfield code="l">BMM</subfield><subfield code="s">SCG 821 NAB lol 8</subfield></datafield></record></collection>